@article{FinancialCapabilityUK,
  title={What is financial capability?},
  author={FinCap UK},
  journal={Financial Capability Strategy UK},
  year={2020},
  publisher={Money Pensions Service},
  url={https://www.fincap.org.uk/en/articles/what-is-financial-capability},
}

@article{FinancialCapabilityAU,
  title={What is financial capability?},
  author={Russell Research},
  journal={Financial Capabilty Research Australia},
  year={2022},
  publisher={RMIT University},
  url={https://www.financialcapability.gov.au/strategy/part2},
}

@article{hourston_2022,
  title={Cost of living crisis},
  author={Hourston, Peter},
  journal = {The Institute for Government},
  month={Aug},
  year={2022},
  url={https://www.instituteforgovernment.org.uk/explainers/cost-living-crisis},
}

@misc{RevolutBudgetting,
  author       = {Revolut},
  howpublished = {Advertising Page},
  title        = {Budgetting and Analytics},
  year         = {2022},
  url          = {https://www.revolut.com/best-budget-planner/},
}

@article{MonzoBudgetting,
  title = {How to budget with Monzo},
  author = {Richard Cook},
  journal = {Monzo},
  howpublished = {Blog Post},
  month = {Aug},
  year = {2018},
  url = {https://monzo.com/blog/2018/08/21/budget-with-monzo},
}

@article{PersonalFinanceAppsComparison,
  author          = {Latoya Irby},
  journal         = {The balance},
  title           = {Best personal finance apps},
  month           = {June},
  year            = {2022},
  url             = {https://www.thebalancemoney.com/best-personal-finance-apps-4170650},
}

@article{AppVsWebsite,
  author          = {Anton Diduh},
  journal         = {Cleveroad},
  title           = {Mobile App vs. Mobile Website},
  month           = {Sept},
  year            = {2022},
  url             = {https://www.cleveroad.com/blog/mobile-app-vs-mobile-website/},
}

@misc{Plaid,
  author       = {Plaid},
  title        = {Plaid API Documentation},
  year         = {2022},
  url          = {https://plaid.com/docs/},
}

@book{InvestBook,
  author         = {Phil Town},
  publisher      = {Random House},
  title          = {Rule \#1: The Simple Strategy for Successful Investing in Only 15 Minutes a Week},
  year           = {2010},
  isbn           = {9781409060048},
}

@book{BudgettingBook,
  author         = {Jae K. and others},
  publisher      = {John Wiley \& Sons},
  title          = {Budgetting Basics and Beyond},
  year           = {2011},
}

@book{MoneyBook,
  author         = {Bernard D\. Coleman},
  publisher      = {Elsevier Science},
  title          = {Money \- How to save it\, spend it\, and make it},
  year           = {2016},
  month          = {Jun},
  isbn           = {9781483136394},
}

@misc{NextJSSpeed,
  author       = {tarunsinghwap7},
  title        = {NextJS vs\. ReactJS},
  month        = {Aug},
  year         = {2022},
  url          = {https://www.geeksforgeeks.org/nextjs-vs-reactjs-which-one-to-choose/},
}

@misc{MongoDB,
  author       = {MongoDB},
  title        = {MongoDB Documentation},
  year         = {2022},
  url          = {https://www.mongodb.com/docs/},
}

@article{HavingMultipleAccounts,
  author          = {David Weliver \& Lauren Graves},
  journal         = {moneyunder30},
  title           = {How to use multiple bank accounts for budgetting},
  month           = {Oct},
  year            = {2022},
  url             = {https://www.moneyunder30.com/multiple-bank-accounts-to-control-spending},
}

@article{WaterfallVsAgile,
  title={Waterfall vs\. Agile methodology},
  author={Mike McCormick},
  journal={MPCS},
  volume={3},
  year={2012}
}

@misc{Git,
  author       = {Scott Chacon},
  title        = {About git + advantages},
  year         = {2022},
  url          = {https://git-scm.com/about},
}

@misc{GitHub,
  author       = {GitHub},
  title        = {GitHub Documentation},
  year         = {2022},
  url          = {https://docs.github.com/en},
}

@misc{GitFlow,
  author       = {Vincent Driessen},
  title        = {A successful Git branching model},
  year         = {2010},
  month        = {Jan},
  url          = {https://nvie.com/posts/a-successful-git-branching-model/},
}

@book{TDD,
  title={Test-driven development\: by example},
  author={Kent Beck},
  year={2003},
  publisher={Addison-Wesley Professional}
}

@article{UseCaseTesting,
  title={Use case testing \- the complete guide},
  author={Kuldeep Rana},
  journal={Art of Testing},
  month={Apr},
  year={2021},
  url = {https://artoftesting.com/use-case-testing},
}

@inproceedings{PasswordRequirements,
  title={Encountering stronger password requirements},
  author={Richard Shay and others},
  booktitle={Proceedings of the sixth symposium on usable privacy and security},
  pages={1--20},
  year={2010}
}

@article{GDPR,
  title={The eu general data protection regulation},
  author={Paul Voigt and others},
  journal={A Practical Guide},
  edition={1},
  volume={10},
  number={3152676},
  pages={10--5555},
  year={2017},
  publisher={Springer}
}

@misc{PlaidGettingStarted,
  author       = {Todd Kerpelman},
  howpublished = {YouTube},
  title        = {Plaid Academy: Getting Started with the Plaid API},
  year         = {2022},
  month        = {Feb},
  url          = {https://www.youtube.com/watch?v=sGBvKDGgPjc},
}

@article{AdviceVsGuidance,
  author          = {FCA},
  journal         = {Financial Conduct Authority},
  title           = {Understanding advice and guidance},
  month           = {Feb},
  year            = {2018},
  url             = {https://www.fca.org.uk/consumers/understanding-advice-guidance-investments},
}